<?xml version="1.0" encoding="UTF-8"?><collection xmlns="http://www.loc.gov/MARC21/slim"><record><leader>00355nam--2200133-i-4500</leader><controlfield tag="001">000039809</controlfield><controlfield tag="002">20161230</controlfield><controlfield tag="005">20161230201042</controlfield><controlfield tag="008">060222s1000------------r-----000-0-eng-d</controlfield><datafield ind1=" " ind2=" " tag="080"><subfield code="a">771.531</subfield></datafield><datafield ind1=" " ind2=" " tag="100"><subfield code="a">Rott, Andre And Weyde, Edith</subfield></datafield><datafield ind1=" " ind2=" " tag="245"><subfield code="a">Photographic silver halide diffusion processes</subfield></datafield><datafield ind1=" " ind2=" " tag="260"><subfield code="a">London, The Focal Press, 1972, 302p</subfield></datafield><datafield ind1=" " ind2=" " tag="852"><subfield code="a">37824</subfield></datafield></record></collection>